Branching Processes

@book{And00,
    author = {H{\aa}kan Andersson and Tom Britton},
    title = {Stochastic Epidemic Models and Their Statistical Analysis},
    year = 2000,
    publisher = {Springer}
}

@incollection{Bri19,
  author         = {Tom Britton and Etienne Pardoux},
  booktitle      = {Stochastic Epidemic Models with Inference},
  editor         = {Tom Britton and Etienne Pardoux},
  publisher      = {Springer},
  title          = {Stochastic Epidemics in a Homogeneous Community},
  year           = {2019}
}

@article{Bal95,
  author          = {Frank Ball and Peter Donnelly},
  journal         = {Stochastic Processes and their Applications},
  number          = {1},
  title           = {Strong Approximations for Epidemic Models},
  volume          = {55},
  year            = {1995}
}

@article{Lin13,
  author          = {David Lindenstrand and {\r{A}}ke Svensson},
  journal         = {Mathematical Biosciences},
  number          = {2},
  title           = {Estimation of the Malthusian Parameter in a Stochastic Epidemic Model Using Martingale Methods},
  volume          = {246},
  year            = {2013}
}


The Data

@article{Vij22,
  author          = {R. Vijh and C. H. Ng and M. Shirmaleki and A. Bharmal},
  journal         = {Journal of Hospital Infection},
  title           = {Factors Associated with Transmission of {COVID-19} in Long-Term Care Facility Outbreaks},
  volume          = {119},
  year            = {2022}
}

@article{Sto22,
  author          = {Jessica E. Stockdale and Sean C. Anderson and Andrew M. Edwards and Sarafa A. Iyaniwura and Nicola Mulberry and Michael C. Otterstatter and Naveed Z. Janjua and Daniel Coombs and Caroline Colijn and Michael A. Irvine},
  journal         = {Royal Society Open Science},
  title           = {Quantifying Transmissibility of {SARS-CoV-2} and Impact of Intervention Within Long-Term Healthcare Facilities},
  volume          = {9},
  year            = {2022}
}



Efficient Computation

@book{Fol99,
  author         = {Gerald B. Folland},
  publisher      = {Wiley},
  title          = {Real Analysis: Modern Techniques and Their Applications},
  year           = {1999},
  edition        = {2nd}
}



EM Algorithm

@book{McL08,
  author         = {Geoffrey J. McLachlan and Thriyambakam Krishnan},
  publisher      = {Wiley},
  title          = {The {EM} algorithm and extensions},
  year           = {2008},
  edition        = {2nd},
}

@article{Wu83,
  author          = {C. F. Jeff Wu},
  journal         = {The Annals of Statistics},
  number          = {1},
  title           = {On the convergence properties of the {EM} algorithm},
  volume          = {11},
  year            = {1983}
}

@article{Dem77,
  author          = {A. P. Dempster and N. M. Laird and D. B. Rubin},
  journal         = {Journal of the Royal Statistical Society. Series B (Methodological)},
  number          = {1},
  title           = {Maximum likelihood from incomplete data via the {EM} algorithm},
  volume          = {39},
  year            = {1977}
}


@article{Wei90,
  author          = {Greg C. G. Wei and Martin A. Tanner},
  journal         = {Journal of the American Statistical Association},
  number          = {411},
  title           = {A {M}onte {C}arlo Implementation of the {EM} Algorithm and the Poor Man's Data Augmentation Algorithms},
  volume          = {85},
  year            = {1990}
}
Misc

@MISC{need,
    Author = {{Citation Needed}}
}


@book{Cho20,
  author         = {Nicolas Chopin and Omiros Papaspiliopoulos},
  publisher      = {Springer},
  title          = {An Introduction to Sequential {M}onte {C}arlo},
  year           = {2020}
}

@book{Noc06,
  author         = {Jorge Nocedal and Stephen J. Wright},
  publisher      = {Springer},
  title          = {Numerical Optimization},
  year           = {2006},
  edition        = {2nd}
}


@article{Caf05,
  author          = {Brian S. Caffo and Wolfgang Jank and Galin L. Jones},
  journal         = {Journal of the Royal Statistical Society. Series B (Statistical Methodology)},
  number          = {2},
  title           = {Ascent-Based {Monte Carlo} Expectation-Maximization},
  volume          = {67},
  year            = {2005}
}

@article{Cha95,
  author          = {K. S. Chan and Johannes Ledolter},
  journal         = {Journal of the American Statistical Association},
  number          = {429},
  title           = {{Monte Carlo EM} Estimation for Time Series Models Involving Counts},
  volume          = {90},
  year            = {1995}
}

@article{Boo99,
  author          = {James G. Booth and James P. Hobert},
  journal         = {Journal of the Royal Statistical Society. Series B (Statistical Methodology)},
  number          = {1},
  title           = {Maximizing Generalized Linear Mixed Model Likelihoods with an Automated Monte Carlo EM Algorithm},
  volume          = {61},
  year            = {1999}
}

@article{Lev01,
  author          = {Richard A. Levine and George Casella},
  journal         = {Journal of Computational and Graphical Statistics},
  number          = {3},
  title           = {Implementations of the {Monte Carlo EM} Algorithm},
  volume          = {10},
  year            = {2001}
}


@article{Lou82,
  author          = {Thomas A. Louis},
  journal         = {Journal of the Royal Statistical Society. Series B (Statistical Methodology)},
  number          = {2},
  title           = {Finding the observed information matrix when using the {EM} algorithm},
  volume          = {44},
  year            = {1982}
}

@article{Nea13,
  author          = {Ronald C. Neath},
  journal         = {Advances in Modern Statistical Theory and Applications},
  title           = {On convergence properties of the {M}onte {C}arlo {EM} algorithm},
  volume          = {10},
  year            = {2013}
}

@article{Oak99,
  author          = {David Oakes},
  journal         = {Journal of the Royal Statistical Society. Series B (Statistical Methodology)},
  number          = {2},
  title           = {Direct calculation of the information matrix via the {EM} algorithm},
  volume          = {61},
  year            = {1999}
}

@article{Gey94,
  author          = {Charles J. Geyer},
  journal         = {Journal of the Royal Statistical Society. Series B (Methodological)},
  number          = {1},
  title           = {On the convergence of {M}onte {C}arlo maximum likelihood calculations},
  volume          = {56},
  year            = {1994}
}

@book{van98,
  author         = {A. W. van der Vaart},
  publisher      = {Cambridge University Press},
  title          = {Asymptotic Statistics},
  year           = {1998}
}

@book{Gel13,
  author         = {Andrew Gelman and John B. Carlin and Hal S. Stern and David B. Dunson and Aki Vehtari and Donald B. Rubin},
  publisher      = {CRC Press},
  title          = {Bayesian Data Analysis},
  year           = {2013},
  edition        = {Third}
}

@article{Ble17,
  author          = {David M. Blei and Alp Kucukelbir and Jon D. McAuliffe},
  journal         = {Journal of the American Statistical Association},
  number          = {518},
  title           = {Variational inference: a review for statisticians},
  volume          = {112},
  year            = {2017}
}

@article{Tsi08,
  author          = {Dimitris G. Tsikas and Aristidis C. Likas and Nikolaos P. Galatsanos},
  journal         = {IEEE Signal Processing Magazine},
  number          = {6},
  title           = {The variational approximation for {B}ayesian inference},
  volume          = {25},
  year            = {2008}
}

@book{Sea06,
  author         = {Shayle R. Searle and George Casella and Charles E. McCulloch},
  publisher      = {Wiley Interscience},
  title          = {Variance Components},
  year           = {2006}
}

@article{Mar63,
  author          = {Donald W. Marquardt},
  journal         = {Journal of the Society for Industrial and Applied Mathematics},
  number          = {2},
  title           = {An algorithm for least-squares estimation of nonlinear parameters},
  volume          = {11},
  year            = {1963}
}

@book{Rob04,
  author         = {Christian P. Robert and George Casella},
  publisher      = {Springer},
  title          = {{Monte Carlo} statistical methods},
  year           = {2004},
  edition        = {second}
}

@article{Aga17,
  author          = {S. Agapiou and O. Papaspiliopoulos and D. Sanz-Alonso and A. M. Stuart},
  journal         = {Statistical Science},
  number          = {3},
  title           = {Importance Sampling: Intrinsic Dimension and Computational Cost},
  volume          = {32},
  year            = {2017}
}

@inbook{Nea98,
  author         = {Radford M. Neal and Geoffrey E. Hinton},
  bookauthor     = {Michael I. Jordan},
  pages          = {355-368},
  publisher      = {Springer},
  title          = {A view of the {EM} algorithm that justifies incremental, sparse, and other variants},
  year           = {1998},
  booktitle      = {Learning in Graphical Models}
}

@techreport{Dea05,
  author      = {Laura Dean},
  institution = {National Center for Biotechnology Information (US)},
  title       = {Blood Groups and Red Cell Antigens [Internet]},
  year        = {2005},
}

@article{Fuj78,
  author          = {Yoshiko Fujita and Masako Tanimura and Katumi Tanaka},
  journal         = {Japanese Journal of Human Genetics},
  title           = {The distribution of the {ABO} blood groups in {J}apan},
  volume          = {23},
  year            = {1978}
}




@article{Elv22,
  author={VÃ­ctor Elvira and Luca Martino},
  journal         = {arXiv:2102.05407v3},
  title           = {Advances in Importance Sampling},
  year            = {2022}
}


@article{Bug17,
  author          = {M{\'o}nica F. Bugallo and V{\'i}ctor Elvira and Luca Martino and David Luengo and Joaqu{\'i}n M{\'i}guez and Petar M. Djuri{\'c}},
  journal         = {IEEE Signal Processing Magazine},
  number          = {4},
  title           = {Adaptive Importance Sampling: {T}he past, the present, and the future},
  volume          = {34},
  year            = {2017}
}

@article{Elv19,
  author          = {V{\'i}ctor Elvira and Luca Martino and David Luengo and M{\'o}nica Bugallo},
  journal         = {Statistical Science},
  number          = {1},
  title           = {Generalized Multiple Importance Sampling},
  volume          = {34},
  year            = {2019}
}


@article{Ion08,
  author          = {Edward L. Ionides},
  journal         = {Journal of Computational and Graphical Statistics},
  number          = {2},
  title           = {Truncated importance sampling},
  volume          = {17},
  year            = {2008}
}





@misc{Veh22,
      title={Pareto Smoothed Importance Sampling}, 
      author={Aki Vehtari and Daniel Simpson and Andrew Gelman and Yuling Yao and Jonah Gabry},
      year={2022},
      eprint={1507.02646},
      archivePrefix={arXiv},
      primaryClass={stat.CO}
}