Branching Processes

@Book{Andersson2000,
  author    = {H{\aa}kan Andersson and Tom Britton},
  publisher = {Springer},
  title     = {Stochastic Epidemic Models and Their Statistical Analysis},
  year      = {2000},
}

@InCollection{Britton2019,
  author    = {Tom Britton and Etienne Pardoux},
  booktitle = {Stochastic Epidemic Models with Inference},
  publisher = {Springer},
  title     = {Stochastic Epidemics in a Homogeneous Community},
  year      = {2019},
  editor    = {Tom Britton and Etienne Pardoux},
}

@Article{Ball1995,
  author  = {Frank Ball and Peter Donnelly},
  journal = {Stochastic Processes and their Applications},
  title   = {Strong Approximations for Epidemic Models},
  year    = {1995},
  number  = {1},
  volume  = {55},
}

@Article{Lindenstrand2013,
  author  = {David Lindenstrand and {\r{A}}ke Svensson},
  journal = {Mathematical Biosciences},
  title   = {Estimation of the Malthusian Parameter in a Stochastic Epidemic Model Using Martingale Methods},
  year    = {2013},
  number  = {2},
  volume  = {246},
}


The Data

@Article{Vijh2022,
  author  = {R. Vijh and C. H. Ng and M. Shirmaleki and A. Bharmal},
  journal = {Journal of Hospital Infection},
  title   = {Factors Associated with Transmission of {COVID-19} in Long-Term Care Facility Outbreaks},
  year    = {2022},
  volume  = {119},
}

@Article{Stockdale2022,
  author  = {Jessica E. Stockdale and Sean C. Anderson and Andrew M. Edwards and Sarafa A. Iyaniwura and Nicola Mulberry and Michael C. Otterstatter and Naveed Z. Janjua and Daniel Coombs and Caroline Colijn and Michael A. Irvine},
  journal = {Royal Society Open Science},
  title   = {Quantifying Transmissibility of {SARS-CoV-2} and Impact of Intervention Within Long-Term Healthcare Facilities},
  year    = {2022},
  volume  = {9},
}



Efficient Computation

@Book{Folland1999,
  author    = {Gerald B. Folland},
  publisher = {Wiley},
  title     = {Real Analysis: Modern Techniques and Their Applications},
  year      = {1999},
  edition   = {2nd},
}



EM Algorithm

@Book{McLachlan2008,
  author    = {Geoffrey J. McLachlan and Thriyambakam Krishnan},
  publisher = {Wiley},
  title     = {The {EM} algorithm and extensions},
  year      = {2008},
  edition   = {2nd},
}

@Article{Wu1983,
  author  = {C. F. Jeff Wu},
  journal = {The Annals of Statistics},
  title   = {On the convergence properties of the {EM} algorithm},
  year    = {1983},
  number  = {1},
  volume  = {11},
}

@Article{Dempster1977,
  author  = {A. P. Dempster and N. M. Laird and D. B. Rubin},
  journal = {Journal of the Royal Statistical Society. Series B (Methodological)},
  title   = {Maximum likelihood from incomplete data via the {EM} algorithm},
  year    = {1977},
  number  = {1},
  volume  = {39},
}


@Article{Wei1990,
  author  = {Greg C. G. Wei and Martin A. Tanner},
  journal = {Journal of the American Statistical Association},
  title   = {A {M}onte {C}arlo Implementation of the {EM} Algorithm and the Poor Man's Data Augmentation Algorithms},
  year    = {1990},
  number  = {411},
  volume  = {85},
}

Misc

@Misc{CitationNeeded,
  author = {{Citation Needed}},
}


@Book{Chopin2020,
  author    = {Nicolas Chopin and Omiros Papaspiliopoulos},
  publisher = {Springer},
  title     = {An Introduction to Sequential {M}onte {C}arlo},
  year      = {2020},
}

@Book{Nocedal2006,
  author    = {Jorge Nocedal and Stephen J. Wright},
  publisher = {Springer},
  title     = {Numerical Optimization},
  year      = {2006},
  edition   = {2nd},
  file      = {:D\:/OneDrive/OneDrive - Simon Fraser University (1sfu)/LTHC Outbreak Analysis/LTHC Outbreak Write-Up/Nocedal2006 - Numerical Optimization.bib:bib},
}


@Article{Caffo2005,
  author  = {Brian S. Caffo and Wolfgang Jank and Galin L. Jones},
  journal = {Journal of the Royal Statistical Society. Series B (Statistical Methodology)},
  title   = {Ascent-Based {Monte Carlo} Expectation-Maximization},
  year    = {2005},
  number  = {2},
  volume  = {67},
}

@Article{Chan1995,
  author  = {K. S. Chan and Johannes Ledolter},
  journal = {Journal of the American Statistical Association},
  title   = {{Monte Carlo EM} Estimation for Time Series Models Involving Counts},
  year    = {1995},
  number  = {429},
  volume  = {90},
}

@Article{Booth1999,
  author  = {James G. Booth and James P. Hobert},
  journal = {Journal of the Royal Statistical Society. Series B (Statistical Methodology)},
  title   = {Maximizing Generalized Linear Mixed Model Likelihoods with an Automated Monte Carlo EM Algorithm},
  year    = {1999},
  number  = {1},
  volume  = {61},
}

@Article{Levine2001,
  author  = {Richard A. Levine and George Casella},
  journal = {Journal of Computational and Graphical Statistics},
  title   = {Implementations of the {Monte Carlo EM} Algorithm},
  year    = {2001},
  number  = {3},
  volume  = {10},
}


@Article{Louis1982,
  author  = {Thomas A. Louis},
  journal = {Journal of the Royal Statistical Society. Series B (Statistical Methodology)},
  title   = {Finding the observed information matrix when using the {EM} algorithm},
  year    = {1982},
  number  = {2},
  volume  = {44},
}

@Article{Neath2013,
  author  = {Ronald C. Neath},
  journal = {Advances in Modern Statistical Theory and Applications},
  title   = {On convergence properties of the {M}onte {C}arlo {EM} algorithm},
  year    = {2013},
  volume  = {10},
}

@Article{Oakes1999,
  author  = {David Oakes},
  journal = {Journal of the Royal Statistical Society. Series B (Statistical Methodology)},
  title   = {Direct calculation of the information matrix via the {EM} algorithm},
  year    = {1999},
  number  = {2},
  volume  = {61},
}

@Article{Geyer1994,
  author  = {Charles J. Geyer},
  journal = {Journal of the Royal Statistical Society. Series B (Methodological)},
  title   = {On the convergence of {M}onte {C}arlo maximum likelihood calculations},
  year    = {1994},
  number  = {1},
  volume  = {56},
}

@Book{Vaart1998,
  author    = {A. W. van der Vaart},
  publisher = {Cambridge University Press},
  title     = {Asymptotic Statistics},
  year      = {1998},
}

@Book{Gelman2013,
  author    = {Andrew Gelman and John B. Carlin and Hal S. Stern and David B. Dunson and Aki Vehtari and Donald B. Rubin},
  publisher = {CRC Press},
  title     = {Bayesian Data Analysis},
  year      = {2013},
  edition   = {Third},
}

@Article{Blei2017,
  author  = {David M. Blei and Alp Kucukelbir and Jon D. McAuliffe},
  journal = {Journal of the American Statistical Association},
  title   = {Variational inference: a review for statisticians},
  year    = {2017},
  number  = {518},
  volume  = {112},
}

@Article{Tsikas2008,
  author  = {Dimitris G. Tsikas and Aristidis C. Likas and Nikolaos P. Galatsanos},
  journal = {IEEE Signal Processing Magazine},
  title   = {The variational approximation for {B}ayesian inference},
  year    = {2008},
  number  = {6},
  volume  = {25},
}

@Book{Searle2006,
  author    = {Shayle R. Searle and George Casella and Charles E. McCulloch},
  publisher = {Wiley Interscience},
  title     = {Variance Components},
  year      = {2006},
}

@Article{Marquardt1963,
  author  = {Donald W. Marquardt},
  journal = {Journal of the Society for Industrial and Applied Mathematics},
  title   = {An algorithm for least-squares estimation of nonlinear parameters},
  year    = {1963},
  number  = {2},
  volume  = {11},
}

@Book{Robert2004,
  author    = {Christian P. Robert and George Casella},
  publisher = {Springer},
  title     = {{Monte Carlo} statistical methods},
  year      = {2004},
  edition   = {second},
}

@Article{Agapiou2017,
  author  = {S. Agapiou and O. Papaspiliopoulos and D. Sanz-Alonso and A. M. Stuart},
  journal = {Statistical Science},
  title   = {Importance Sampling: Intrinsic Dimension and Computational Cost},
  year    = {2017},
  number  = {3},
  volume  = {32},
}

@InBook{Neal1998,
  author     = {Radford M. Neal and Geoffrey E. Hinton},
  pages      = {355-368},
  publisher  = {Springer},
  title      = {A view of the {EM} algorithm that justifies incremental, sparse, and other variants},
  year       = {1998},
  bookauthor = {Michael I. Jordan},
  booktitle  = {Learning in Graphical Models},
}

@TechReport{Dean2005,
  author = {Laura Dean},
  title  = {Blood Groups and Red Cell Antigens [Internet]},
  year   = {2005},
  school = {National Center for Biotechnology Information (US)},
}

@Article{Fujita1978,
  author  = {Yoshiko Fujita and Masako Tanimura and Katumi Tanaka},
  journal = {Japanese Journal of Human Genetics},
  title   = {The distribution of the {ABO} blood groups in {J}apan},
  year    = {1978},
  volume  = {23},
}




@Article{Elvira2022,
  author  = {VÃ­ctor Elvira and Luca Martino},
  journal = {arXiv:2102.05407v3},
  title   = {Advances in Importance Sampling},
  year    = {2022},
}


@Article{Bugallo2017,
  author  = {M{\'o}nica F. Bugallo and V{\'i}ctor Elvira and Luca Martino and David Luengo and Joaqu{\'i}n M{\'i}guez and Petar M. Djuri{\'c}},
  journal = {IEEE Signal Processing Magazine},
  title   = {Adaptive Importance Sampling: {T}he past, the present, and the future},
  year    = {2017},
  number  = {4},
  volume  = {34},
}

@Article{Elvira2019,
  author  = {V{\'i}ctor Elvira and Luca Martino and David Luengo and M{\'o}nica Bugallo},
  journal = {Statistical Science},
  title   = {Generalized Multiple Importance Sampling},
  year    = {2019},
  number  = {1},
  volume  = {34},
}


@Article{Ionides2008,
  author  = {Edward L. Ionides},
  journal = {Journal of Computational and Graphical Statistics},
  title   = {Truncated importance sampling},
  year    = {2008},
  number  = {2},
  volume  = {17},
}



@Book{Robert2004a,
  author    = {Christian P. Robert and George Casella},
  publisher = {Springer},
  title     = {Monte Carlo Statistical Methods},
  year      = {2004},
  edition   = {2nd},
}


@Misc{Vehtari2022,
  author        = {Aki Vehtari and Daniel Simpson and Andrew Gelman and Yuling Yao and Jonah Gabry},
  title         = {Pareto Smoothed Importance Sampling},
  year          = {2022},
  archiveprefix = {arXiv},
  eprint        = {1507.02646},
  primaryclass  = {stat.CO},
}


@Article{Gu1998,
  author  = {Ming Gao Gu and Shaolin Li},
  journal = {The Canadian Journal of Staistics},
  title   = {A stochastic approximation algorithm for maximum-likelihood estimation with incomplete data},
  year    = {1998},
  number  = {4},
  volume  = {26},
}

@Book{Gelman2013a,
  author    = {Andrew Gelman and John B. Carlin and Hal S. Stern and David B. Dunson and Aki Vehtari and Donald B. Rubin},
  publisher = {CRC Press},
  title     = {Bayesian Data Analysis},
  year      = {2013},
  edition   = {3rd},
}

@Book{Klenke2014,
  author    = {Achim Klenke},
  publisher = {Springer},
  title     = {Probability Theory: A Comprehensive Course},
  year      = {2014},
  edition   = {2nd},
}

@Book{Hastie2009,
  author    = {Trevor Hastie and Robert Tibshirani and Jerome Friedman},
  publisher = {Springer},
  title     = {The Elements of Statistical Learning},
  year      = {2009},
  edition   = {2nd},
}



@Book{Martcheva2015,
  author    = {Maia Martcheva},
  publisher = {Springer},
  title     = {An Introduction to Mathematical Epidemiology},
  year      = {2015},
}

@InCollection{White2020,
  author    = {Laura F. White},
  booktitle = {Handbook of Infectious Disease Data Analysis},
  publisher = {Chapman \& Hall/CRC},
  title     = {Key Parameters in Infectious Disease Epidemiology},
  year      = {2020},
  editor    = {Leonard Held and Niel Hens and Philip {O'N}eill and Jacco Wallinga},
}


@Book{McCullagh1989,
  author    = {P. {McCullagh} and J. A. Nelder},
  publisher = {Chapman \& Hall/CRC},
  title     = {Generalized Linear Models},
  year      = {1989},
  edition   = {2nd},
}



@Misc{Elvira2022a,
  author        = {V\'ictor Elvira and Luca Martino},
  title         = {Advances in Importance Sampling},
  year          = {2022},
  archiveprefix = {arXiv},
  eprint        = {2102.05407},
  primaryclass  = {stat.CO},
}


@Article{Alimohamadi2020,
  author  = {Yousef Alimohamadi and Maryam Taghdir and Mojtaba Sepandi},
  journal = {Journal of Preventative Medicine \& Public Health},
  title   = {Estimate of the Basic Reproduction Number for {COVID-19}: A Systematic Review and Meta-Analysis},
  year    = {2020},
  number  = {3},
  volume  = {53},
}

@Article{Liu2020,
  author  = {Ying Liu and Albert A. Gayle and Annelies Walder-Smith and Joacim Rockl\"ov},
  journal = {Journal of Travel Medicine},
  title   = {The Reproductive Number of {COVID-19} is Higher Compared to {SARS} Coronavirus},
  year    = {2020},
  number  = {2},
  volume  = {27},
}

@Article{Meng1994,
  author  = {Xiao-Li Meng and Donald B. Rubin},
  journal = {Linear Algebra and its Applications},
  title   = {On the Global and Componentwise rates of convergence of the {EM} algorithm},
  year    = {1994},
  volume  = {199},
}

@Article{Kong2022,
  author  = {Lingcai Kong and Mengwei Duan and Jin Shi and Jie Hong and Zhaorui Chang and Zhijie Zhang},
  journal = {Infectious Diseases of Poverty},
  title   = {Compartmental structures used in modelling {COVID-19}: a scoping review},
  year    = {2022},
  number  = {72},
  volume  = {11},
}

@Article{Bezanson2017,
  author  = {Jeff Bezanson and Alan Edelman and Stefan Karpinski and Vial B. Shah},
  journal = {SIAM Review},
  title   = {Julia: a fresh approach to numerical computing},
  year    = {2017},
  number  = {1},
  volume  = {59},
}

@Article{Mogensen2018,
  author  = {Patrick Kofod Mogensen and Asbj{\o}rn Nilsen Riseth},
  journal = {Journal of Open Source Software},
  title   = {Optim: a mathematical optimization package for {J}ulia},
  year    = {2018},
  number  = {24},
  volume  = {3},
}

@Comment{jabref-meta: databaseType:bibtex;}
